@book{kirk2007,
  title={Statistics: an introduction},
  author={Kirk, Roger},
  year={2007},
  publisher={Cengage Learning}
}
@misc{course,
 title = {Student Coursepack for Introduction to Statistical Methods},
 author = {},
 year = {2015}
}
